@article{vogt,
      author         = "Vermaseren, J. A. M. and Vogt, A. and Moch, S.",
      title          = "{The Third-order QCD corrections to deep-inelastic
                        scattering by photon exchange}",
      journal        = "Nucl. Phys.",
      volume         = "B724",
      year           = "2005",
      pages          = "3-182",
      doi            = "10.1016/j.nuclphysb.2005.06.020",
      eprint         = "hep-ph/0504242",
      archivePrefix  = "arXiv",
      primaryClass   = "hep-ph",
      reportNumber   = "NIKHEF-05-006, DCPT-05-28, IPPP-05-14, DESY-05-063,
                        SFB-CPP-05-13",
      SLACcitation   = "%%CITATION = HEP-PH/0504242;%%"
}
@article{vogt-fl,
    title={The longitudinal structure function at the third order},
    volume={606},
    ISSN={0370-2693},
    DOI={10.1016/j.physletb.2004.11.063},
    number={1-2},
    journal={Physics Letters B},
    publisher={Elsevier BV},
    author={Moch, S. and Vermaseren, J.A.M. and Vogt, A.},
    year={2005},
    month={Jan},
    pages={123–129},
    eprint={hep-ph/0411112},
    archivePrefix={arXiv},
    primaryClass={hep-ph}
}
@misc{felix-thesis,
    title            = {Next-to-Leading Order QCD Corrections to Heavy-Flavour Production in Neutral Current DIS},
    author           = {Felix Hekhorn},
    year             = {2019},
    eprint           = {1910.01536},
    archivePrefix    = {arXiv},
    primaryClass     = {hep-ph}
}
@book{pink-book,
    author = "Ellis, R.Keith and Stirling, W.James and Webber, B.R.",
    title = "{QCD and collider physics}",
    isbn = "978-0-511-82328-2, 978-0-521-54589-1",
    publisher = "Cambridge University Press",
    volume = "8",
    month = "2",
    year = "2011"
}
@article{vogt-sv,
    title={NNLO evolution of deep-inelastic structure functions: the singlet case},
    volume={588},
    ISSN={0550-3213},
    DOI={10.1016/s0550-3213(00)00480-6},
    number={1-2},
    journal={Nuclear Physics B},
    publisher={Elsevier BV},
    author={van Neerven, W.L. and Vogt, A.},
    year={2000},
    month={Nov},
    pages={345–373},
    eprint={hep-ph/0006154},
    archivePrefix={arXiv},
    primaryClass={hep-ph}
}
@article{tmc-review,
    author = "Schienbein, Ingo and others",
    archivePrefix = "arXiv",
    doi = "10.1088/0954-3899/35/5/053101",
    eprint = "0709.1775",
    journal = "J. Phys. G",
    pages = "053101",
    primaryClass = "hep-ph",
    reportNumber = "JLAB-THY-07-718",
    title = "{A Review of Target Mass Corrections}",
    volume = "35",
    year = "2008"
}
@article{tmc-iranian,
    author = "Goharipour, Muhammad and Rostami, S.",
    archivePrefix = "arXiv",
    doi = "10.1103/PhysRevD.101.074015",
    eprint = "2004.03403",
    journal = "Phys. Rev. D",
    number = "7",
    pages = "074015",
    primaryClass = "hep-ph",
    title = "{Implementation of target mass corrections and higher-twist effects in the xFitter framework}",
    volume = "101",
    year = "2020"
}
