@article{Vermaseren:2005qc,
      author         = "Vermaseren, J. A. M. and Vogt, A. and Moch, S.",
      title          = "{The Third-order QCD corrections to deep-inelastic
                        scattering by photon exchange}",
      journal        = "Nucl. Phys.",
      volume         = "B724",
      year           = "2005",
      pages          = "3-182",
      doi            = "10.1016/j.nuclphysb.2005.06.020",
      eprint         = "hep-ph/0504242",
      archivePrefix  = "arXiv",
      primaryClass   = "hep-ph",
      reportNumber   = "NIKHEF-05-006, DCPT-05-28, IPPP-05-14, DESY-05-063,
                        SFB-CPP-05-13",
      SLACcitation   = "%%CITATION = HEP-PH/0504242;%%"
}

