@article{vogt-sv,
    title={NNLO evolution of deep-inelastic structure functions: the singlet case},
    volume={588},
    ISSN={0550-3213},
    DOI={10.1016/s0550-3213(00)00480-6},
    number={1-2},
    journal={Nuclear Physics B},
    publisher={Elsevier BV},
    author={van Neerven, W.L. and Vogt, A.},
    year={2000},
    month={Nov},
    pages={345â€“373},
    eprint={hep-ph/0006154},
    archivePrefix={arXiv},
    primaryClass={hep-ph}
}
