@article{forte-fonll,
    author = "Forte, Stefano and Laenen, Eric and Nason, Paolo and Rojo, Juan",
    title = "{Heavy quarks in deep-inelastic scattering}",
    eprint = "1001.2312",
    archivePrefix = "arXiv",
    primaryClass = "hep-ph",
    reportNumber = "IFUM-949-FT, NIKHEF-2010-001, ITP-UU-10-03, ITFA-2010-01",
    doi = "10.1016/j.nuclphysb.2010.03.014",
    journal = "Nucl. Phys. B",
    volume = "834",
    pages = "116--162",
    year = "2010"
}
