@book{pink-book,
    author = "Ellis, R.Keith and Stirling, W.James and Webber, B.R.",
    title = "{QCD and collider physics}",
    isbn = "978-0-511-82328-2, 978-0-521-54589-1",
    publisher = "Cambridge University Press",
    volume = "8",
    month = "2",
    year = "2011"
}
